<record><leader>00000cas a22000007a 4500</leader><controlfield tag="001">10266088</controlfield><controlfield tag="008">840105d18691926nvucr ne      0    0eng d</controlfield><datafield ind1=" " ind2=" " tag="010"><subfield code="a">sn 84022037 </subfield></datafield><datafield ind1=" " ind2=" " tag="040"><subfield code="a">NPX</subfield><subfield code="b">eng</subfield><subfield code="c">NPX</subfield><subfield code="d">NPU</subfield><subfield code="d">NNX</subfield><subfield code="d">CNK</subfield><subfield code="d">CNW</subfield><subfield code="d">OCLCQ</subfield><subfield code="d">OCLCG</subfield><subfield code="d">OCLCQ</subfield><subfield code="d">OCLCA</subfield><subfield code="d">OCLCF</subfield><subfield code="d">OCLCO</subfield><subfield code="d">AQM</subfield></datafield><datafield ind1="1" ind2=" " tag="029"><subfield code="a">AU@</subfield><subfield code="b">000020413749</subfield></datafield><datafield ind1=" " ind2=" " tag="042"><subfield code="a">msc</subfield></datafield><datafield ind1=" " ind2=" " tag="043"><subfield code="a">n-us-nv</subfield></datafield><datafield ind1="0" ind2=" " tag="130"><subfield code="a">Reese River reveille (Austin, Nev. : 1869)</subfield></datafield><datafield ind1="1" ind2="0" tag="245"><subfield code="a">Reese River reveille.</subfield></datafield><datafield ind1=" " ind2=" " tag="260"><subfield code="a">Austin, Nev. :</subfield><subfield code="b">O.L.C. Fairchild,</subfield><subfield code="c">1869-</subfield></datafield><datafield ind1=" " ind2=" " tag="300"><subfield code="a">96 v. ;</subfield><subfield code="c">46 cm.</subfield></datafield><datafield ind1=" " ind2=" " tag="310"><subfield code="a">Semiweekly,</subfield><subfield code="b">Jan. 25, 1893-June 27, 1908</subfield></datafield><datafield ind1=" " ind2=" " tag="321"><subfield code="a">Frequency varies</subfield></datafield><datafield ind1="0" ind2=" " tag="362"><subfield code="a">Vol. 12, no. 1 (May 29, 1869)-v. 107, no. 24 (Dec. 18, 1926).</subfield></datafield><datafield ind1=" " ind2=" " tag="500"><subfield code="a">Publisher's name recorded in Lingenfelter, R.E. Newspapers of Nev.</subfield></datafield><datafield ind1=" " ind2=" " tag="500"><subfield code="a">Publishers: Andrew Casamayou &amp; J.H. Dennis, 1871; Casamayou &amp; Booth, 1873-1875; John Booth &amp; Co., 1875-&lt;1876&gt;.</subfield></datafield><datafield ind1=" " ind2=" " tag="500"><subfield code="a">"Republican," 1869-1871; "Democratic," 1871-&lt;1876&gt;. Cf. Lingenfelter, R.E. Newspapers of Nev.</subfield></datafield><datafield ind1=" " ind2=" " tag="500"><subfield code="a">Editors: A. Casamayou, 1873-1875; F.H. Hart, 1875-&lt;1876&gt;.</subfield></datafield><datafield ind1=" " ind2="0" tag="651"><subfield code="a">Austin (Nev.)</subfield><subfield code="v">Newspapers.</subfield></datafield><datafield ind1=" " ind2="7" tag="651"><subfield code="a">Nevada</subfield><subfield code="z">Austin.</subfield><subfield code="2">fast</subfield><subfield code="0">(OCoLC)fst01220325</subfield></datafield><datafield ind1=" " ind2="7" tag="655"><subfield code="a">Newspapers.</subfield><subfield code="2">fast</subfield><subfield code="0">(OCoLC)fst01423814</subfield></datafield><datafield ind1=" " ind2="7" tag="655"><subfield code="a">Newspapers.</subfield><subfield code="2">rbgenr</subfield></datafield><datafield ind1="1" ind2=" " tag="700"><subfield code="a">Hart, Fred H.</subfield></datafield><datafield ind1="1" ind2=" " tag="700"><subfield code="a">Casamayou, Andrew,</subfield><subfield code="d">-1875.</subfield></datafield><datafield ind1=" " ind2=" " tag="752"><subfield code="a">United States</subfield><subfield code="b">Nevada</subfield><subfield code="c">Lander</subfield><subfield code="d">Austin.</subfield></datafield><datafield ind1="0" ind2="0" tag="780"><subfield code="t">Daily Reese River reveille</subfield><subfield code="w">(DLC)sn 83026613</subfield></datafield><datafield ind1="0" ind2="7" tag="785"><subfield code="t">Nevada progressive</subfield><subfield code="w">(DLC)sn 86076264</subfield><subfield code="w">(OCoLC)13758783</subfield></datafield><datafield ind1="0" ind2="7" tag="785"><subfield code="t">Reese River reveille and Nevada progressive combined</subfield><subfield code="w">(DLC)sn 86076205</subfield></datafield></record>